@article{duncan2020solubility,
  title={Solubility of Additive Sextic Forms over $\mathbb{Q}_2(\sqrt {-1})$ and $\mathbb{Q}_2(\sqrt{-5})$},
  author={Duncan, Drew and Leep, David B.},
  journal={To appear in Publ. Math. Debrecen, arXiv preprint arXiv:2005.09770},
  year={2020}
}

@article{duncan2020solubility_2,
  title={Solubility of Additive Forms of Twice Odd Degree over Quadratic Ramified Extensions of $\mathbb{Q}_2$},
  author={Duncan, Drew and Leep, David B.},
  journal={arXiv preprint arXiv:2010.06833},
  year={2020}
}

@ARTICLE{2020arXiv200509770D,
       author = {{Duncan}, Drew and {Leep}, David B.},
        title = "{Solubility of Additive Sextic Forms over $\mathbb{Q}_2(\sqrt{-1})$ and $\mathbb{Q}_2(\sqrt{-5})$}",
      journal = {To appear in Publ. Math. Debrecen, arXiv e-prints},
     keywords = {Mathematics - Number Theory},
         year = 2020,
        month = may,
          eid = {arXiv:2005.09770},
        pages = {arXiv:2005.09770},
archivePrefix = {arXiv},
       eprint = {2005.09770},
 primaryClass = {math.NT},
       adsurl = {https://ui.adsabs.harvard.edu/abs/2020arXiv200509770D},
      adsnote = {Provided by the SAO/NASA Astrophysics Data System}
}

@ARTICLE{2020arXiv201006833D,
       author = {{Duncan}, Drew and {Leep}, David B.},
        title = "{Solubility of Additive Forms of Twice Odd Degree over Ramified Quadratic Extensions of $\mathbb{Q}_2$}",
      journal = {arXiv e-prints},
     keywords = {Mathematics - Number Theory, 11D72, 11D88, 11E76},
         year = 2020,
        month = oct,
          eid = {arXiv:2010.06833},
        pages = {arXiv:2010.06833},
archivePrefix = {arXiv},
       eprint = {2010.06833},
 primaryClass = {math.NT},
       adsurl = {https://ui.adsabs.harvard.edu/abs/2020arXiv201006833D},
      adsnote = {Provided by the SAO/NASA Astrophysics Data System}
}

@ARTICLE{quarticforms,
       author = {{Duncan}, Drew},
        title = "{Solubility of Additive Quartic Forms over Ramified Quadratic Extensions of $\mathbb{Q}_2$}",
      journal = {preprint},
}

@article{knapp2016solubility,
  title={Solubility of additive sextic forms over ramified quadratic extensions of {$\mathbb{Q}_2$}},
  author={Knapp, M},
  journal={Publ. Math. Debrecen},
  volume={95},
  number={1--2},
  pages={67--91},
  year={2019}
}

@article{davenport1963homogeneous,
  AUTHOR = {Davenport, H. and Lewis, D. J.},
     TITLE = {Homogeneous additive equations},
   JOURNAL = {Proc. Roy. Soc. London Ser. A},
  FJOURNAL = {Proceedings of the Royal Society. London. Series A.
              Mathematical, Physical and Engineering Sciences},
    VOLUME = {274},
      YEAR = {1963},
     PAGES = {443--460},
      ISSN = {0962-8444},
   MRCLASS = {10.17},
  MRNUMBER = {153655},
MRREVIEWER = {W. J. LeVeque},
       DOI = {10.1098/rspa.1963.0143},
       URL = {https://doi.org/10.1098/rspa.1963.0143},
}

@book{ArtinEmil1965Cp,
publisher = {Addison-Wesley Pub. Co},
year = {1965},
title = {Collected papers.},
language = {eng;eng;ger},
address = {Reading, Mass.},
author = {Artin, Emil},
keywords = {Mathematics},
lccn = {65014746},
}

@article {MR197450,
    AUTHOR = {Terjanian, Guy},
     TITLE = {Un contre-exemple \`a une conjecture d'{A}rtin},
   JOURNAL = {C. R. Acad. Sci. Paris S\'{e}r. A-B},
  FJOURNAL = {Comptes Rendus Hebdomadaires des S\'{e}ances de l'Acad\'{e}mie des
              Sciences. S\'{e}ries A et B},
    VOLUME = {262},
      YEAR = {1966},
     PAGES = {A612},
      ISSN = {0151-0509},
   MRCLASS = {12.30 (10.14)},
  MRNUMBER = {197450},
MRREVIEWER = {E. Weiss},
}

@book{greenberg1969lectures,
      AUTHOR = {Greenberg, Marvin J.},
     TITLE = {Lectures on forms in many variables},
 PUBLISHER = {W. A. Benjamin, Inc., New York-Amsterdam},
      YEAR = {1969},
     PAGES = {v+167},
   MRCLASS = {10.10 (12.00)},
  MRNUMBER = {0241358},
MRREVIEWER = {S. S. Shatz},
}

@book {MR2104929,
    AUTHOR = {Lam, T. Y.},
     TITLE = {Introduction to quadratic forms over fields},
    SERIES = {Graduate Studies in Mathematics},
    VOLUME = {67},
 PUBLISHER = {American Mathematical Society, Providence, RI},
      YEAR = {2005},
     PAGES = {xxii+550},
      ISBN = {0-8218-1095-2},
   MRCLASS = {11Exx},
  MRNUMBER = {2104929},
MRREVIEWER = {K. Szymiczek},
}

@article {leep2018diagonal,
    AUTHOR = {Leep, David B. and Sordo Vieira, Luis},
     TITLE = {Diagonal equations over unramified extensions of {$\Bbb Q_p$}},
   JOURNAL = {Bull. Lond. Math. Soc.},
  FJOURNAL = {Bulletin of the London Mathematical Society},
    VOLUME = {50},
      YEAR = {2018},
    NUMBER = {4},
     PAGES = {619--634},
      ISSN = {0024-6093},
   MRCLASS = {11D88 (11D72 11E76)},
  MRNUMBER = {3870946},
MRREVIEWER = {Michael P. Knapp},
       DOI = {10.1112/blms.12163},
       URL = {https://doi.org/10.1112/blms.12163},
}

@book {MR1697859,
    AUTHOR = {Neukirch, J\"{u}rgen},
     TITLE = {Algebraic number theory},
    SERIES = {Grundlehren der Mathematischen Wissenschaften [Fundamental
              Principles of Mathematical Sciences]},
    VOLUME = {322},
      NOTE = {Translated from the 1992 German original and with a note by
              Norbert Schappacher,
              With a foreword by G. Harder},
 PUBLISHER = {Springer-Verlag, Berlin},
      YEAR = {1999},
     PAGES = {xviii+571},
      ISBN = {3-540-65399-6},
   MRCLASS = {11Rxx (11-02 11S15 11S31 14C40)},
  MRNUMBER = {1697859},
MRREVIEWER = {Cornelius Greither},
       DOI = {10.1007/978-3-662-03983-0},
       URL = {https://doi.org/10.1007/978-3-662-03983-0},
}

@book{vinogradov2016elements,
  title={Elements of number theory},
  author={Vinogradov, Ivan Matveevich},
  year={2016},
  publisher={Courier Dover Publications}
}

@article {axkochen_MR184930,
    AUTHOR = {Ax, James and Kochen, Simon},
     TITLE = {Diophantine problems over local fields. {I}},
   JOURNAL = {Amer. J. Math.},
  FJOURNAL = {American Journal of Mathematics},
    VOLUME = {87},
      YEAR = {1965},
     PAGES = {605--630},
      ISSN = {0002-9327},
   MRCLASS = {10.67 (10.15)},
  MRNUMBER = {184930},
MRREVIEWER = {John V. Armitage},
       DOI = {10.2307/2373065},
       URL = {https://doi.org/10.2307/2373065},
}

@article {birchdiagonal_MR167456,
    AUTHOR = {Birch, B. J.},
     TITLE = {Diagonal equations over {${\germ p}$}-adic fields},
   JOURNAL = {Acta Arith.},
  FJOURNAL = {Polska Akademia Nauk. Instytut Matematyczny. Acta Arithmetica},
    VOLUME = {9},
      YEAR = {1964},
     PAGES = {291--300},
      ISSN = {0065-1036},
   MRCLASS = {10.14},
  MRNUMBER = {167456},
MRREVIEWER = {D. J. Lewis},
       DOI = {10.4064/aa-9-3-291-300},
       URL = {https://doi-org.ezproxy.uky.edu/10.4064/aa-9-3-291-300},
}

@article {dodson1_MR213296,
    AUTHOR = {Dodson, M.},
     TITLE = {Homogeneous additive congruences},
   JOURNAL = {Philos. Trans. Roy. Soc. London Ser. A},
  FJOURNAL = {Philosophical Transactions of the Royal Society of London.
              Series A. Mathematical and Physical Sciences},
    VOLUME = {261},
      YEAR = {1967},
     PAGES = {163--210},
      ISSN = {0080-4614},
   MRCLASS = {10.13},
  MRNUMBER = {213296},
MRREVIEWER = {D. J. Lewis},
       DOI = {10.1098/rsta.1967.0002},
       URL = {https://doi.org/10.1098/rsta.1967.0002},
}

@article {dodson2_MR382139,
    AUTHOR = {Dodson, M. M.},
     TITLE = {A note on homogeneous additive equations over {$p$}-adic
              fields},
   JOURNAL = {Ann. Univ. Turku. Ser. A I},
  FJOURNAL = {Annales Universitatis Turkuensis. Series A. I.
              Astronomica-Chemica-Physica-Mathematica},
    NUMBER = {164},
      YEAR = {1974},
     PAGES = {7},
      ISSN = {0082-7002},
   MRCLASS = {10A10 (12B05)},
  MRNUMBER = {382139},
MRREVIEWER = {R. A. Smith},
}

@article {dodson3_MR649113,
    AUTHOR = {Dodson, M. M.},
     TITLE = {Some estimates for diagonal equations over {${\germ p}$}-adic
              fields},
   JOURNAL = {Acta Arith.},
  FJOURNAL = {Polska Akademia Nauk. Instytut Matematyczny. Acta Arithmetica},
    VOLUME = {40},
      YEAR = {1981/82},
    NUMBER = {2},
     PAGES = {117--124},
      ISSN = {0065-1036},
   MRCLASS = {10B40},
  MRNUMBER = {649113},
MRREVIEWER = {D. J. Lewis},
       DOI = {10.4064/aa-40-2-117-124},
       URL = {https://doi.org/10.4064/aa-40-2-117-124},
}

@article {wooley_MR3365797,
    AUTHOR = {Wooley, Trevor D.},
     TITLE = {Artin's conjecture and systems of diagonal equations},
   JOURNAL = {Forum Math.},
  FJOURNAL = {Forum Mathematicum},
    VOLUME = {27},
      YEAR = {2015},
    NUMBER = {4},
     PAGES = {2259--2265},
      ISSN = {0933-7741},
   MRCLASS = {11D88 (11D72 11E76)},
  MRNUMBER = {3365797},
MRREVIEWER = {Johnny Edwards},
       DOI = {10.1515/forum-2013-0109},
       URL = {https://doi.org/10.1515/forum-2013-0109},
}

@article {godinho_MR2413361,
    AUTHOR = {Brink, D. and Godinho, H. and Rodrigues, P. H. A.},
     TITLE = {Simultaneous diagonal equations over {$p$}-adic fields},
   JOURNAL = {Acta Arith.},
  FJOURNAL = {Acta Arithmetica},
    VOLUME = {132},
      YEAR = {2008},
    NUMBER = {4},
     PAGES = {393--399},
      ISSN = {0065-1036},
   MRCLASS = {11D72 (11D88)},
  MRNUMBER = {2413361},
MRREVIEWER = {R. C. Baker},
       DOI = {10.4064/aa132-4-8},
       URL = {https://doi.org/10.4064/aa132-4-8},
}

@article {knappexact1_MR3998981,
    AUTHOR = {Godinho, Hemar and Knapp, Michael P. and Rodrigues, Paulo H.
              A. and Veras, Daiane},
     TITLE = {On the values of {$\varGamma ^*(k,p)$} and {$\varGamma
              ^*(k)$}},
   JOURNAL = {Acta Arith.},
  FJOURNAL = {Acta Arithmetica},
    VOLUME = {191},
      YEAR = {2019},
    NUMBER = {1},
     PAGES = {67--80},
      ISSN = {0065-1036},
   MRCLASS = {11D72 (11D79 11D88)},
  MRNUMBER = {3998981},
MRREVIEWER = {P. Bundschuh},
       DOI = {10.4064/aa180613-4-1},
       URL = {https://doi.org/10.4064/aa180613-4-1},
}

@article {knappexact2_MR2811557,
    AUTHOR = {Knapp, Michael P.},
     TITLE = {Exact values of the function {$\Gamma^\ast(k)$}},
   JOURNAL = {J. Number Theory},
  FJOURNAL = {Journal of Number Theory},
    VOLUME = {131},
      YEAR = {2011},
    NUMBER = {10},
     PAGES = {1901--1911},
      ISSN = {0022-314X},
   MRCLASS = {11D72 (11D88 11E76)},
  MRNUMBER = {2811557},
MRREVIEWER = {Timothy D. Browning},
       DOI = {10.1016/j.jnt.2011.04.006},
       URL = {https://doi.org/10.1016/j.jnt.2011.04.006},
}